<record><leader>00000cas a2200000 a 4500</leader><controlfield tag="001">9237874</controlfield><controlfield tag="008">830218c19779999aluwr ne      0   a0eng d</controlfield><datafield ind1=" " ind2=" " tag="010"><subfield code="a">sn 83002432 </subfield></datafield><datafield ind1=" " ind2=" " tag="040"><subfield code="a">AAA</subfield><subfield code="b">eng</subfield><subfield code="c">AAA</subfield><subfield code="d">NSD</subfield><subfield code="d">CPN</subfield><subfield code="d">OCL</subfield><subfield code="d">OCLCQ</subfield></datafield><datafield ind1=" " ind2=" " tag="012"><subfield code="l">1</subfield><subfield code="m">1</subfield></datafield><datafield ind1="1" ind2=" " tag="022"><subfield code="a">0739-9219</subfield><subfield code="l">0739-9219</subfield><subfield code="2">1</subfield></datafield><datafield ind1=" " ind2=" " tag="032"><subfield code="a">533930</subfield><subfield code="b">USPS</subfield></datafield><datafield ind1=" " ind2=" " tag="037"><subfield code="b">Mary S. Goodwyn, P.O. Box 568, Millbrook, AL 36054</subfield></datafield><datafield ind1=" " ind2=" " tag="042"><subfield code="a">nsdp</subfield></datafield><datafield ind1="0" ind2=" " tag="130"><subfield code="a">Community press (Millbrook, Ala.)</subfield></datafield><datafield ind1=" " ind2="4" tag="222"><subfield code="a">The Community press</subfield><subfield code="b">(Millbrook, Ala.)</subfield></datafield><datafield ind1="1" ind2="4" tag="245"><subfield code="a">The Community press.</subfield></datafield><datafield ind1=" " ind2=" " tag="260"><subfield code="a">Millbrook, Ala. :</subfield><subfield code="b">Bob Harman &amp; Mary S. Goodwyn,</subfield><subfield code="c">1977-</subfield></datafield><datafield ind1=" " ind2=" " tag="300"><subfield code="a">v. :</subfield><subfield code="b">ill. ;</subfield><subfield code="c">57 cm.</subfield></datafield><datafield ind1=" " ind2=" " tag="310"><subfield code="a">Weekly</subfield></datafield><datafield ind1="0" ind2=" " tag="362"><subfield code="a">Vol. 1, no. 1 (Oct. 13, 1977)-</subfield></datafield><datafield ind1=" " ind2=" " tag="752"><subfield code="a">United States</subfield><subfield code="b">Alabama</subfield><subfield code="c">Elmore</subfield><subfield code="d">Millbrook.</subfield></datafield></record>